<record><leader>00000cas a2200000 a 4500</leader><controlfield tag="001">9457492</controlfield><controlfield tag="008">830428d18801989nyudr ne      0   b0ita c</controlfield><datafield ind1=" " ind2=" " tag="010"><subfield code="a">sn 83030300 </subfield></datafield><datafield ind1=" " ind2=" " tag="040"><subfield code="a">NPU</subfield><subfield code="b">eng</subfield><subfield code="c">NPU</subfield><subfield code="d">NPW</subfield><subfield code="d">NSD</subfield><subfield code="d">OCL</subfield><subfield code="d">NPA</subfield><subfield code="d">DLC</subfield><subfield code="d">NPI</subfield><subfield code="d">OCL</subfield><subfield code="d">YOX</subfield><subfield code="d">NJW</subfield><subfield code="d">YOX</subfield><subfield code="d">CRL</subfield><subfield code="d">NYS</subfield><subfield code="d">MGN</subfield><subfield code="d">CRL</subfield><subfield code="d">NYS</subfield><subfield code="d">DLC</subfield><subfield code="d">NYS</subfield><subfield code="d">OCLCQ</subfield><subfield code="d">NYS</subfield><subfield code="d">OCLCQ</subfield><subfield code="d">DLC</subfield><subfield code="d">CRL</subfield><subfield code="d">OCLCO</subfield><subfield code="d">OCLCQ</subfield><subfield code="d">OCLCF</subfield><subfield code="d">OCLCO</subfield><subfield code="d">IUL</subfield><subfield code="d">OCLCO</subfield><subfield code="d">OCL</subfield><subfield code="d">OCLCO</subfield></datafield><datafield ind1=" " ind2=" " tag="012"><subfield code="m">1</subfield></datafield><datafield ind1=" " ind2=" " tag="019"><subfield code="a">2266534</subfield><subfield code="a">14104206</subfield></datafield><datafield ind1="0" ind2=" " tag="022"><subfield code="a">0746-4924</subfield><subfield code="l">0746-4924</subfield><subfield code="2">1</subfield></datafield><datafield ind1="1" ind2=" " tag="029"><subfield code="a">AU@</subfield><subfield code="b">000020265722</subfield></datafield><datafield ind1=" " ind2=" " tag="032"><subfield code="a">874840</subfield><subfield code="b">USPS</subfield></datafield><datafield ind1=" " ind2=" " tag="037"><subfield code="b">Il Progresso Italo-Americano, 15 Bland St., Emerson, NJ 07630</subfield></datafield><datafield ind1="0" ind2=" " tag="041"><subfield code="a">ita</subfield><subfield code="a">eng</subfield></datafield><datafield ind1=" " ind2=" " tag="042"><subfield code="a">nsdp</subfield><subfield code="a">pcc</subfield></datafield><datafield ind1=" " ind2=" " tag="043"><subfield code="a">n-us-ny</subfield><subfield code="a">n-us---</subfield></datafield><datafield ind1="0" ind2="0" tag="050"><subfield code="a">Newspaper</subfield></datafield><datafield ind1="0" ind2=" " tag="210"><subfield code="a">Prog. italo am.</subfield></datafield><datafield ind1=" " ind2="3" tag="222"><subfield code="a">Il Progresso italo americano</subfield></datafield><datafield ind1="0" ind2="3" tag="245"><subfield code="a">Il Progresso italo-americano.</subfield></datafield><datafield ind1="3" ind2="0" tag="246"><subfield code="a">Combined New York morning newspapers</subfield></datafield><datafield ind1="3" ind2="0" tag="246"><subfield code="a">Combined New York Sunday newspapers</subfield></datafield><datafield ind1=" " ind2=" " tag="260"><subfield code="a">New York [N.Y.] :</subfield><subfield code="b">Barsotti &amp; Polidori</subfield></datafield><datafield ind1=" " ind2=" " tag="300"><subfield code="a">v. :</subfield><subfield code="b">ill. ;</subfield><subfield code="c">37-80 cm.</subfield></datafield><datafield ind1=" " ind2=" " tag="310"><subfield code="a">Daily</subfield></datafield><datafield ind1="1" ind2=" " tag="362"><subfield code="a">Began in 1880; ceased in 1989.</subfield></datafield><datafield ind1=" " ind2=" " tag="500"><subfield code="a">"First Italian language daily newspaper in the United States."</subfield></datafield><datafield ind1=" " ind2=" " tag="500"><subfield code="a">Imprint varies.</subfield></datafield><datafield ind1=" " ind2=" " tag="500"><subfield code="a">Publishers: C. Barsotti &amp; V. Polidori, 1880-1928 ; Generoso Pope, 1928-1950 ; Fortune Pope, 1950-1980.</subfield></datafield><datafield ind1=" " ind2=" " tag="500"><subfield code="a">Issues for Sept. 18-26, 1923 issued jointly with other New York City morning newspapers as: Combined New York morning newspapers.</subfield></datafield><datafield ind1=" " ind2=" " tag="500"><subfield code="a">Later published in Emerson, N.J.</subfield></datafield><datafield ind1="4" ind2=" " tag="510"><subfield code="a">Gregory, W. American newspapers, 1821-1936,</subfield><subfield code="c">p. 475</subfield></datafield><datafield ind1=" " ind2=" " tag="530"><subfield code="a">Also issued on microfilm from The Center for Research Libraries, New York Public Library, Research Publications, Inc., and Library of Congress Photoduplication Service.</subfield></datafield><datafield ind1=" " ind2=" " tag="546"><subfield code="a">In Italian, with some English.</subfield></datafield><datafield ind1=" " ind2=" " tag="588"><subfield code="a">Description based on: Anno 2, n. 80 (3 apr. 1881).</subfield></datafield><datafield ind1=" " ind2=" " tag="588"><subfield code="a">Latest issue consulted: Anno 108, n. 285 (23 nov. 1988).</subfield></datafield><datafield ind1=" " ind2="0" tag="650"><subfield code="a">Italians</subfield><subfield code="z">United States</subfield><subfield code="v">Newspapers.</subfield></datafield><datafield ind1=" " ind2="0" tag="650"><subfield code="a">Italians</subfield><subfield code="z">New York Region</subfield><subfield code="v">Newspapers.</subfield></datafield><datafield ind1=" " ind2="0" tag="650"><subfield code="a">Italian Americans</subfield><subfield code="v">Newspapers.</subfield></datafield><datafield ind1=" " ind2="0" tag="650"><subfield code="a">Italian Americans</subfield><subfield code="z">New York Region</subfield><subfield code="v">Newspapers.</subfield></datafield><datafield ind1=" " ind2="0" tag="651"><subfield code="a">New York (N.Y.)</subfield><subfield code="v">Newspapers.</subfield></datafield><datafield ind1=" " ind2="0" tag="651"><subfield code="a">New York Region</subfield><subfield code="v">Newspapers.</subfield></datafield><datafield ind1=" " ind2="0" tag="651"><subfield code="a">Emerson (N.J.)</subfield><subfield code="v">Newspapers.</subfield></datafield><datafield ind1=" " ind2="0" tag="651"><subfield code="a">Bergen County (N.J.)</subfield><subfield code="v">Newspapers.</subfield></datafield><datafield ind1=" " ind2="7" tag="650"><subfield code="a">Italian Americans.</subfield><subfield code="2">fast</subfield><subfield code="0">(OCoLC)fst00980419</subfield></datafield><datafield ind1=" " ind2="7" tag="650"><subfield code="a">Italians.</subfield><subfield code="2">fast</subfield><subfield code="0">(OCoLC)fst00980750</subfield></datafield><datafield ind1=" " ind2="7" tag="651"><subfield code="a">New Jersey</subfield><subfield code="z">Bergen County.</subfield><subfield code="2">fast</subfield><subfield code="0">(OCoLC)fst01206168</subfield></datafield><datafield ind1=" " ind2="7" tag="651"><subfield code="a">New Jersey</subfield><subfield code="z">Emerson.</subfield><subfield code="2">fast</subfield><subfield code="0">(OCoLC)fst01291653</subfield></datafield><datafield ind1=" " ind2="7" tag="651"><subfield code="a">New York (State)</subfield><subfield code="z">New York.</subfield><subfield code="2">fast</subfield><subfield code="0">(OCoLC)fst01204333</subfield></datafield><datafield ind1=" " ind2="7" tag="651"><subfield code="a">United States</subfield><subfield code="z">New York Region.</subfield><subfield code="2">fast</subfield><subfield code="0">(OCoLC)fst01241983</subfield></datafield><datafield ind1=" " ind2="7" tag="651"><subfield code="a">United States.</subfield><subfield code="2">fast</subfield><subfield code="0">(OCoLC)fst01204155</subfield></datafield><datafield ind1=" " ind2="7" tag="655"><subfield code="a">Newspapers.</subfield><subfield code="2">fast</subfield><subfield code="0">(OCoLC)fst01423814</subfield></datafield><datafield ind1=" " ind2=" " tag="752"><subfield code="a">United States</subfield><subfield code="b">New Jersey</subfield><subfield code="c">Bergen</subfield><subfield code="d">Emerson.</subfield></datafield><datafield ind1=" " ind2=" " tag="752"><subfield code="a">United States</subfield><subfield code="b">New York</subfield><subfield code="c">New York</subfield><subfield code="d">New York.</subfield></datafield><datafield ind1="0" ind2=" " tag="772"><subfield code="t">Speciale centennario = 100th anniversary issue</subfield><subfield code="g">Sept. 9, 1981</subfield><subfield code="w">(OCoLC)35573796</subfield></datafield><datafield ind1="0" ind2="8" tag="776"><subfield code="i">Online version:</subfield><subfield code="t">Progresso italo-americano</subfield><subfield code="w">(OCoLC)808842540</subfield></datafield><datafield ind1="0" ind2="5" tag="780"><subfield code="t">Cristoforo Colombo</subfield><subfield code="w">(DLC)sn 88073007</subfield><subfield code="w">(OCoLC)18346859</subfield></datafield></record>